
@article{mejiaPRB02,
	title = {Surface second-harmonic generation from {Si} (111)(1x1) {H}: {Theory} versus experiment},
	volume = {66},
	shorttitle = {Surface second-harmonic generation from {Si} (111)(1\${\textbackslash}times\$ 1) {H}},
	number = {19},
	journal = {Physical Review B},
	author = {Mejia, J. E. and Mendoza, B. S. and Palummo, M. and Onida, G. and Del Sole, R. and Bergfeld, S. and Daum, W.},
	year = {2002},
	pages = {195329}
}


@article{parkinsonAPB99,
	title = {Second-harmonic spectroscopy of {Ge}/{Si} (001) and {Si}1-{xGex} (001)/{Si} (001)},
	volume = {68},
	number = {3},
	journal = {Applied Physics B: Lasers and Optics},
	author = {Parkinson, P. S. and Lim, D. and Büngener, R. and Ekerdt, J. G. and Downer, M. C.},
	year = {1999},
	pages = {641--648}
}

@article{dadapPRB97,
	title = {Second-harmonic spectroscopy of a {Si} (001) surface during calibrated variations in temperature and hydrogen coverage},
	volume = {56},
	number = {20},
	journal = {Physical Review B},
	author = {Dadap, J. I. and Xu, Z. and Hu, X. F. and Downer, M. C. and Russell, N. M. and Ekerdt, J. G. and Aktsipetrov, O. A.},
	year = {1997},
	pages = {13367}
}

@article{mizrahiJOSAB88,
	title = {Phenomenological treatment of surface second-harmonic generation},
	volume = {5},
	number = {3},
	journal = {Journal of the Optical Society of America B},
	author = {Mizrahi, V. and Sipe, J. E.},
	year = {1988},
	pages = {660--667}
}

@article{mejiaRMF04,
	title = {Layer-by-layer analysis of second harmonic generation at a simple surface},
	volume = {50},
	number = {002},
	journal = {Revista mexicana de física},
	author = {Mejía, J. E. and MENDOZA, BS and SALAZAR, C.},
	year = {2004},
	pages = {134--139}
}

@article{powerPRL95,
	title = {Resonant {Optical} {Second} {Harmonic} {Generation} at the {Steps} of {Vicinal} {Si}(001)},
	volume = {75},
	doi = {10.1103/PhysRevLett.75.1138},
	number = {6},
	journal = {Physical Review Letters},
	author = {Power, J. R. and O'Mahony, J. D. and Chandola, S. and McGilp, J. F.},
	month = aug,
	year = {1995},
	pages = {1138--1141}
}

@article{hoferAPA96,
	title = {Nonlinear optical investigations of the dynamics of hydrogen interaction with silicon surfaces},
	volume = {63},
	issn = {0947-8396, 1432-0630},
	doi = {10.1007/BF01567209},
	language = {en},
	number = {6},
	journal = {Applied Physics A},
	author = {Höfer, U.},
	month = dec,
	year = {1996},
	keywords = {42.65.Ky, 68.35.Ja, 82.65.My, Characterization and Evaluation Materials, Condensed Matter, nanotechnology, Operating Procedures, Materials Treatment, Optical and Electronic Materials, Surfaces and Interfaces, Thin Films},
	pages = {533--547}
}

@article{andersonPRB15,
	title = {Theory of surface second-harmonic generation for semiconductors including effects of nonlocal operators},
	volume = {91},
	doi = {10.1103/PhysRevB.91.075302},
	number = {7},
	journal = {Physical Review B},
	author = {Anderson, Sean M. and Tancogne-Dejean, Nicolas and Mendoza, Bernardo S. and Véniard, Valérie},
	month = feb,
	year = {2015},
	pages = {075302}
}

@article{mejiaSS11,
	title = {Second harmonic response of the {Si}(111)7 × 7 surface},
	volume = {605},
	issn = {0039-6028},
	doi = {10.1016/j.susc.2011.02.012},
	number = {9–10},
	journal = {Surface Science},
	author = {Mejía, J. E. and Mendoza, Bernardo S. and Pedersen, Kjeld},
	month = may,
	year = {2011},
	keywords = {Second harmonic generation, Second harmonic generation methods, Semiconducting surfaces, Semi-empirical models and model calculations, Surface relaxation and reconstruction},
	pages = {941--946}
}

@article{gielisPRB08,
	title = {Real-time study of \$a{\textbackslash}text\{-\}{\textbackslash}mathrm\{{Si}\}:{\textbackslash}mathrm\{{H}\}∕c{\textbackslash}text\{-\}{\textbackslash}mathrm\{{Si}\}\$ heterointerface formation and epitaxial {Si} growth by spectroscopic ellipsometry, infrared spectroscopy, and second-harmonic generation},
	volume = {77},
	shorttitle = {Real-time study of \$a{\textbackslash}text\{-\}{\textbackslash}mathrm\{{Si}\}},
	doi = {10.1103/PhysRevB.77.205329},
	number = {20},
	journal = {Physical Review B},
	author = {Gielis, J. J. H. and van den Oever, P. J. and Hoex, B. and van de Sanden, M. C. M. and Kessels, W. M. M.},
	month = may,
	year = {2008},
	pages = {205329}
}
