@Misc{shgyieldrepo,
  author = {Anderson, S. M. and Mendoza, B. S.},
  title  = {SHGYield},
  year   = {2017},
  note   = {GitHub Repository},
  url    = {https://github.com/roguephysicist/SHGYield},
}

@article{andersonPRB16b,
  doi = {10.1103/PhysRevB.94.115314},
  year  = {2016},
  month = sep,
  publisher = {American Physical Society (APS)},
  volume = {94},
  number = {11},
  pages = {115314},
  author = {Anderson, S. M. and Mendoza, B. S.},
  title = {Three-layer model for the surface second-harmonic generation yield including multiple reflections},
  journal = {Physical Review B}
}

@phdthesis{andersonthesis,
  doi = {10.13140/RG.2.2.35619.66082},
  year  = {2016},
  month = jul,
  pages = {148},
  author = {Anderson, S. M.},
  title = {Theoretical Optical Second-Harmonic Calculations for Surfaces},
  school = {Centro de Investigaciones en {\'Optica}, {A. C.}},
  address = {Loma del Bosque 115, Colonia Lomas del Campestre Le{\'o}n, Guanajuato 37150, Mexico}
}

@misc{andersonARXIV16,
  author    = {Anderson, S. M. and Mendoza, B. S.},
  title     = {Derivation of the three-layer model for surface second-harmonic generation},
  date      = {2016-04-27},
  eprint    = {arXiv:1604.07722}
}

@article{andersonPRB16a,
  doi = {10.1103/PhysRevB.93.235304},
  year  = {2016},
  month = jun,
  publisher = {American Physical Society (APS)},
  volume = {93},
  number = {23},
  pages = {235304},
  author = {Anderson, S. M. and Tancogne-Dejean, N. and Mendoza, B. S. and V{\'e}\-niard, V.},
  title = {Improved \emph{ab initio} calculation of surface second-harmonic generation from {Si}(111)(1{$\times$}1){H}},
  journal = {Physical Review B}
}

@article{andersonPRB15,
  doi = {10.1103/PhysRevB.91.075302},
  year  = {2015},
  month = feb,
  publisher = {American Physical Society (APS)},
  volume = {91},
  number = {7},
  pages = {075302},
  author = {Anderson, S. M. and Tancogne-Dejean, N. and Mendoza, B. S. and V{\'e}niard, V.},
  title = {Theory of surface second-harmonic generation for semiconductors including effects of nonlocal operators},
  journal = {Physical Review B}
}
